@article{elalouf2013fair,
  title        = {Fair resource allocation in healthcare systems},
  author       = {Elalouf, A. and Wardi, Y.},
  journal      = {European Journal of Operational Research},
  volume       = {230},
  number       = {1},
  pages        = {147--155},
  year         = {2013},
  publisher    = {Elsevier}
}

@article{girft2022cataract,
  author       = {{Getting It Right First Time (GIRFT)}},
  title        = {Cataract Pathway Guidance: Optimising surgical flow and patient outcomes},
  journal      = {NHS Improvement Report},
  year         = {2022}
}

@misc{healthwatch2025strain,
  author       = {{Healthwatch England}},
  title        = {A strain on sight: Waiting for NHS specialist eye care},
  year         = {2025},
  month        = {March},
  howpublished = {\url{https://www.healthwatch.co.uk/report/2025-03-20/strain-sight-waiting-nhs-specialist-eye-care}}
}

@misc{ifs2024past,
  author       = {{Institute for Fiscal Studies (IFS)}},
  title        = {The past and future of NHS waiting lists in England},
  year         = {2024},
  month        = {May},
  howpublished = {\url{https://ifs.org.uk/publications/past-and-future-nhs-waiting-lists-england}}
}

@misc{ihpn2025stats,
  author       = {{Independent Healthcare Providers Network (IHPN)}},
  title        = {IHPN Quarterly NHS stats January 2025},
  year         = {2025},
  month        = {April},
  howpublished = {\url{https://www.ihpn.org.uk/ihpn-quarterly-nhs-stats-january-2025/}}
}

@misc{kingsfund2024,
  author       = {{The King's Fund}},
  title        = {Waiting times for elective (non-urgent) treatment: referral to treatment (RTT)},
  year         = {2024},
  month        = {May},
  howpublished = {\url{https://www.kingsfund.org.uk/publications/nhs-waiting-times}}
}

@misc{nhs2022elective,
  author       = {{NHS England}},
  title        = {Elective Recovery Plan and GIRFT Cataract Pathway Guidance},
  year         = {2022},
  howpublished = {\url{https://www.england.nhs.uk/2022/02/nhs-publishes-electives-recovery-plan-to-boost-capacity-and-give-power-to-patients/}}
}

@misc{nhs2024guide,
  author       = {{NHS England}},
  title        = {Guide to NHS waiting times in England},
  year         = {2024},
  howpublished = {\url{https://www.nhs.uk/nhs-services/hospitals/guide-to-nhs-waiting-times-in-england/}}
}

@misc{nuffield2024dashboard,
  author       = {{Nuffield Trust}},
  title        = {NHS performance dashboard},
  year         = {2024},
  month        = {November},
  howpublished = {\url{https://www.nuffieldtrust.org.uk/nhs-performance-dashboard}}
}

@misc{nuffield2024hospital,
  author       = {{Nuffield Trust}},
  title        = {NHS hospital care: Who is waiting and what are they waiting for?},
  year         = {2024},
  month        = {October},
  howpublished = {\url{https://www.nuffieldtrust.org.uk/news-item/nhs-emergency-and-planned-care-who-is-waiting-and-what-waiting-for}}
}

@misc{pandas_docs,
  author       = {{Pandas development}},
  title        = {Pandas documentation, DataFrame},
  howpublished = {\url{https://pandas.pydata.org/docs/reference/frame.html}}
}

@misc{practiceplus2025waiting,
  author       = {{Practice Plus Group}},
  title        = {How long is the waiting time for cataract surgery?},
  year         = {2025},
  month        = {June},
  howpublished = {\url{https://practiceplusgroup.com/knowledge-hub/cataract-surgery-waiting-list-guide/}}
}

@book{rawls1971theory,
  title        = {A Theory of Justice},
  author       = {Rawls, J.},
  year         = {1971},
  publisher    = {Harvard University Press},
  address      = {Cambridge, MA}
}

@misc{rcophth2021audit,
  author       = {{Royal College of Ophthalmologists and NHS Digital}},
  title        = {National Ophthalmology Audit Annual Report},
  year         = {2023},
  howpublished = {\url{https://nodaudit.org.uk/sites/default/files/2023-08/NOD%20Cataract%20Audit%20Full%20Annual%20Report%202023.pdf}}
}

@misc{scikit_learn_api,
  author       = {Pedregosa, F. and Varoquaux, G. and Gramfort, A. and Michel, V. and Thirion, B. and Grisel, O. and Blondel, M. and Prettenhofer, P. and Weiss, R. and Dubourg, V. and Vanderplas, J. and Passos, A. and Cournapeau, D. and Brucher, M. and Perrot, M. and Duchesnay, E.},
  title        = {Scikit-learn: Machine Learning in {P}ython -- API Reference},
  year         = {2023},
  howpublished = {\url{https://scikit-learn.org/stable/modules/classes.html}}
}

@misc{simpy_docs,
  author       = {SimPy Development Team},
  title        = {SimPy Documentation},
  year         = {2023},
  howpublished = {\url{https://simpy.readthedocs.io/en/latest/}}
}

@misc{who2023cataract,
  author       = {{World Health Organization}},
  title        = {Blindness and vision impairment: Cataract},
  year         = {2023},
  howpublished = {\url{https://www.who.int/news-room/fact-sheets/detail/blindness-and-visual-impairment}}
}

@article{demir2018des,
  title        = {A Discrete Event Simulation model to evaluate the treatment pathways of patients with cataract in the United Kingdom},
  author       = {Demir, E. and Chaussalet, T. J. and Xie, H.},
  journal      = {BMC Health Services Research},
  volume       = {18},
  number       = {933},
  year         = {2018},
  publisher    = {BioMed Central},
  doi          = {10.1186/s12913-018-3742-8},
  url          = {https://uhra.herts.ac.uk/id/eprint/7551/}
}

@misc{scotgov2025des,
  author       = {{Scottish Government}},
  title        = {Using Discrete Event Simulation to explore 'what-if' waiting list scenarios},
  year         = {2025},
  month        = {June},
  howpublished = {\url{https://www.gov.scot/publications/using-discrete-event-simulation-explore-waiting-list-scenarios-nhs-scotland/}}
}

@misc{nihr2022pifu,
  author       = {{NIHR ARC South West Peninsula}},
  title        = {Using Patient Initiated Follow-Up to support reducing waiting times},
  year         = {2022},
  month        = {November},
  howpublished = {\url{https://arc-swp.nihr.ac.uk/news/pifu-waiting-times/}}
}

@misc{kingsfund2023backlog,
  author       = {{The King's Fund}},
  title        = {Tackling health inequalities on NHS waiting lists},
  year         = {2023},
  howpublished = {\url{https://www.kingsfund.org.uk/insight-and-analysis/reports/health-inequalities-nhs-waiting-lists}}
}

@report{RCOphthHighFlow2022,
  title   = {High-Flow Cataract Surgery},
  author  = {{The Royal College of Ophthalmologists} and {GIRFT}},
  year    = {2022},
  month   = {02},
  url     = {https://www.rcophth.ac.uk/wp-content/uploads/2022/02/High-Flow-Cataract-Surgery_V2.pdf},
  institution = {The Royal College of Ophthalmologists}
}

@report{RCOphthWorkforce2020,
  title   = {Cataract Workforce Guidance (Consultation)},
  author  = {{The Royal College of Ophthalmologists}},
  year    = {2020},
  month   = {12},
  url     = {https://www.rcophth.ac.uk/wp-content/uploads/2020/12/Cataract-Workforce-Guidance-Consultation_2020.pdf},
  institution = {The Royal College of Ophthalmologists},
  note    = {Reports national GA usage rates in cataract surgery}
}

@online{NHSConfedCataract2023,
  title   = {Treating more cataract patients and reducing waiting times},
  author  = {{NHS Confederation}},
  year    = {2023},
  month   = {09},
  url     = {https://www.nhsconfed.org/case-studies/treating-more-cataract-patients-and-reducing-waiting-times},
  note    = {Case study reporting \(\sim\)10-minute operations with \(\sim\)5-minute theatre turnaround}
}

@report{ACIHighVolume2015,
  title   = {High-Volume Cataract Surgery},
  author  = {{Agency for Clinical Innovation, NSW Health}},
  year    = {2015},
  url     = {https://aci.health.nsw.gov.au/__data/assets/pdf_file/0007/505897/ACI-High-volume-cataract-surgery-report.pdf},
  institution = {Agency for Clinical Innovation}
}

@report{NottsICB2023,
  title   = {NN-ICB 22 180 Final: Cataract Pathway (FOI Response)},
  author  = {{NHS Nottingham and Nottinghamshire ICB}},
  year    = {2023},
  month   = {05},
  url     = {https://notts.icb.nhs.uk/wp-content/uploads/sites/2/2023/05/NN-ICB-22-180-Final.pdf},
  note    = {Lists cataract-specific HRG codes used for activity and tariff mapping}
}
